
@INCOLLECTION{Ross2020-yg,
  title     = "Introducing Preregistration of Research Design to Archaeology",
  booktitle = "Digital Heritage and Archaeology in Practice",
  author    = "Ross, Shawn A and Ballsun-Stanton, Brian",
  editor    = "Watrall, Ethan and Goldstein, Lynne",
  publisher = "University Press of Florida, Forthcoming.",
  year      =  "2020",
  address   = "Gainesville, FL"
}

@INCOLLECTION{Ross2015-bc,
  title     = "Building the Bazaar: Enhancing Archaeological Field Recording
               Through an Open Source Approach",
  booktitle = "Open Source Archaeology: Ethics and Practice",
  author    = "Ross, Shawn and Ballsun-Stanton, Brian and Sobotkova, Adela and
               Crook, Penny",
  editor    = "Wilson, Andrew T and Edwards, Ben",
  publisher = "De Gruyter Open",
  pages     = "111--129",
  month     =  jan,
  year      =  2015,
  address   = "Warsaw, Poland"
}

@ARTICLE{Ross2013-ub,
  title   = "Creating eResearch Tools For Archaeologists: The Federated
             Archaeological Information Management Systems Project",
  author  = "Ross, Shawn and Sobotkova, Adela and Ballsun-Stanton, Brian and
             Crook, Penny",
  journal = "Australian Archaeology",
  volume  =  77,
  number  =  1,
  pages   = "107--119",
  year    =  2013
}

@INCOLLECTION{Sobotkova2016-dh,
  title     = "Measure Twice, Cut Once: Cooperative Deployment of a
               Generalized, {Archaeology-Specific} Field Data Collection System",
  booktitle = "Mobilizing the Past for a Digital Future: The Potential of
               Digital Archaeology",
  author    = "Sobotkova, Adela and Ross, Shawn A and Ballsun-Stanton, Brian
               and Fairbairn, Andrew and Thompson, Jessica and VanValkenburgh,
               Parker",
  editor    = "Walcek Averett, Erin and Michael Gordon, Jody and Counts, Derek
               B",
  publisher = "The Digital Press @ University of North Dakota",
  pages     = "337--371",
  year      =  2016,
  address   = "Grand Forks, ND"
}

@ARTICLE{Ballsun-Stanton2018-bl,
  title   = "{FAIMS} Mobile: Flexible, open-source software for field research",
  author  = "Ballsun-Stanton, Brian and Ross, Shawn A and Sobotkova, Adela and
             Crook, Penny",
  journal = "SoftwareX",
  volume  =  7,
  pages   = "47--52",
  month   =  jan,
  year    =  2018,
  url     = "http://dx.doi.org/10.1016/j.softx.2017.12.006",
  issn    = "2352-7110",
  doi     = "10.1016/j.softx.2017.12.006"
}

@INPROCEEDINGS{Sobotkova2015-ox,
  title     = "Arbitrary Offline Data Capture on All of Your Androids: The
               {FAIMS} Mobile Platform",
  booktitle = "Across Space and Time. Papers from the 41st Annual Conference of
               Computer Applications and Quantitative Methods in Archaeology
               ({{CAA}})",
  author    = "Sobotkova, Adela and Ballsun-Stanton, Brian and Ross, Shawn and
               Crook, Penny",
  editor    = "Traviglia, Arianna",
  publisher = "Amsterdam University Press",
  pages     = "80--88",
  year      =  2015,
  address   = "Perth"
}

@ARTICLE{VanValkenburgh2018-hv,
  title     = "Mobilization as Mediation: Implementing a {Tablet-Based}
               Recording System for Ceramic Classification",
  author    = "VanValkenburgh, Parker and Silva, Luiza O G and Repetti-Ludlow,
               Chiara and Gardner, Jake and Crook, Jackson and Ballsun-Stanton,
               Brian",
  journal   = "Advances in Archaeological Practice",
  publisher = "Cambridge University Press",
  pages     = "1--15",
  year      =  2018,
  url       = "http://dx.doi.org/10.1017/aap.2018.12",
  doi       = "10.1017/aap.2018.12"
}

@inproceedings{ballsun2009philosophy,
  title={Philosophy of Data (PoD) and its Importance to the Discipline of Information Systems},
  author={Ballsun-Stanton, Brian and Bunker, Deborah},
  booktitle={Americas Conference on Information Systems 2009},
  pages={Paper--435},
  year={2009},
  organization={AIS}
}

@inproceedings{ballsun2010asking,
  title={Asking about data: Experimental philosophy of information technology},
  author={Ballsun-Stanton, Brian},
  booktitle={5th International conference on computer sciences and convergence information technology},
  pages={119--124},
  year={2010},
  organization={IEEE}
}

@inproceedings{carruthers2010c3t,
  title={\# c3t an agreeable swarm: Twitter, the democratization of media \& non-localized proximity},
  author={Carruthers, Kate and Ballsun-Stanton, Brian},
  booktitle={Computer Sciences and Convergence Information Technology (ICCIT), 2010 5th International Conference on},
  pages={166--169},
  year={2010},
  organization={IEEE}
}

@inproceedings{ballsun2010c3t,
  title={\# c3t the command \& control of Twitter: On a socially constructed Twitter \& applications of the Philosophy of Data},
  author={Ballsun-Stanton, Brian and Carruthers, Kate},
  booktitle={Computer Sciences and Convergence Information Technology (ICCIT), 2010 5th International Conference on},
  pages={161--165},
  year={2010},
  organization={IEEE}
}